<record xmlns="http://www.loc.gov/MARC21/slim">
   <leader>01639cam a2200385 a 4500</leader>
   <controlfield tag="001">1312750</controlfield>
   <controlfield tag="008">900815s1985    nvu      b   s    0 eng c</controlfield>
   <datafield ind1=" " ind2=" " tag="035">
      <subfield code="a">ocm13074799</subfield>
   </datafield>
   <datafield ind1=" " ind2=" " tag="040">
      <subfield code="b">eng</subfield>
   </datafield>
   <datafield ind1=" " ind2=" " tag="043">
      <subfield code="a">n-us-nv</subfield>
   </datafield>
   <datafield ind1=" " ind2=" " tag="049">
      <subfield code="a">AEU</subfield>
      <subfield code="b">eng</subfield>
   </datafield>
   <datafield ind1=" " ind2="3" tag="055">
      <subfield code="a">E 78 N4</subfield>
      <subfield code="b">M996 1985</subfield>
   </datafield>
   <datafield ind1="0" ind2=" " tag="090">
      <subfield code="a">E 78 N4 M996 1985</subfield>
   </datafield>
   <datafield ind1="1" ind2=" " tag="100">
      <subfield code="a">Myhrer, Keith.</subfield>
   </datafield>
   <datafield ind1="1" ind2="4" tag="245">
      <subfield code="a">The Bovine Bluff site :</subfield>
      <subfield code="b">an early Puebloan site in the Upper Moapa Valley /</subfield>
      <subfield code="c">by Keith Myhrer and Margaret M. Lyneis ; edited by Thomas F. Zale ; foreword by Richard C. Hanes.</subfield>
   </datafield>
   <datafield ind1=" " ind2=" " tag="260">
      <subfield code="a">Reno, Nev. :</subfield>
      <subfield code="b">Bureau of Land Management, Nevada State Office,</subfield>
      <subfield code="c">1985.</subfield>
   </datafield>
   <datafield ind1=" " ind2=" " tag="300">
      <subfield code="a">vii, 70, [30] p. :</subfield>
      <subfield code="b">ill., maps ;</subfield>
      <subfield code="c">28 cm.</subfield>
   </datafield>
   <datafield ind1=" " ind2=" " tag="336">
      <subfield code="a">text</subfield>
      <subfield code="b">txt</subfield>
      <subfield code="2">rdacontent</subfield>
   </datafield>
   <datafield ind1=" " ind2=" " tag="337">
      <subfield code="a">unmediated</subfield>
      <subfield code="b">n</subfield>
      <subfield code="2">rdamedia</subfield>
   </datafield>
   <datafield ind1=" " ind2=" " tag="338">
      <subfield code="a">volume</subfield>
      <subfield code="b">nc</subfield>
      <subfield code="2">rdacarrier</subfield>
   </datafield>
   <datafield ind1="1" ind2=" " tag="490">
      <subfield code="a">Contributions to the study of cultural resources. Technical report.</subfield>
      <subfield code="v">no. 15</subfield>
   </datafield>
   <datafield ind1=" " ind2=" " tag="504">
      <subfield code="a">Includes bibliographies.</subfield>
   </datafield>
   <datafield ind1=" " ind2=" " tag="596">
      <subfield code="a">38</subfield>
   </datafield>
   <datafield ind1=" " ind2="0" tag="650">
      <subfield code="a">Excavations (Archaeology)</subfield>
      <subfield code="z">Nevada</subfield>
      <subfield code="z">Moapa Valley.</subfield>
   </datafield>
   <datafield ind1=" " ind2="0" tag="650">
      <subfield code="a">Indians of North America</subfield>
      <subfield code="z">Nevada</subfield>
      <subfield code="z">Moapa Valley</subfield>
      <subfield code="x">Antiquities.</subfield>
   </datafield>
   <datafield ind1=" " ind2="0" tag="650">
      <subfield code="a">Pueblo Indians</subfield>
      <subfield code="x">Antiquities.</subfield>
   </datafield>
   <datafield ind1=" " ind2="0" tag="651">
      <subfield code="a">Bovine Bluff Site (Nev.)</subfield>
      <subfield code="x">Antiquities.</subfield>
   </datafield>
   <datafield ind1=" " ind2="0" tag="651">
      <subfield code="a">Moapa Valley (Nev.)</subfield>
      <subfield code="x">Antiquities.</subfield>
   </datafield>
   <datafield ind1=" " ind2="0" tag="651">
      <subfield code="a">Nevada</subfield>
      <subfield code="x">Antiquities.</subfield>
   </datafield>
   <datafield ind1="1" ind2=" " tag="700">
      <subfield code="a">Lyneis, Margaret M.</subfield>
   </datafield>
   <datafield ind1="1" ind2=" " tag="700">
      <subfield code="a">Zale, Thomas F.</subfield>
   </datafield>
   <datafield ind1="1" ind2=" " tag="700">
      <subfield code="a">Hanes, Richard Clay,</subfield>
      <subfield code="d">1946-</subfield>
   </datafield>
   <datafield ind1="1" ind2=" " tag="710">
      <subfield code="a">United States.</subfield>
      <subfield code="b">Bureau of Land Management.</subfield>
      <subfield code="b">Nevada State Office.</subfield>
   </datafield>
   <datafield ind1=" " ind2="0" tag="830">
      <subfield code="a">Contributions to the study of cultural resources.</subfield>
      <subfield code="p">Technical report. ;</subfield>
      <subfield code="v">no. 15.</subfield>
   </datafield>
   <datafield ind1=" " ind2=" " tag="926">
      <subfield code="a">E 78 N4 M996 1985</subfield>
      <subfield code="w">LC</subfield>
      <subfield code="c">1</subfield>
      <subfield code="i">000033684341</subfield>
      <subfield code="l">ON_SHELF</subfield>
      <subfield code="m">UABARD</subfield>
      <subfield code="p">$150.00</subfield>
      <subfield code="r">Y</subfield>
      <subfield code="s">Y</subfield>
      <subfield code="t">BOOK</subfield>
      <subfield code="u">8/27/1990</subfield>
      <subfield code="o">.STAFF. B0054367</subfield>
   </datafield>
</record>
